<?xml version="1.0" encoding="UTF-8"?><collection xmlns="http://www.loc.gov/MARC21/slim"><record><leader>00376nam--2200133-i-4500</leader><controlfield tag="001">000033159</controlfield><controlfield tag="002">20161230</controlfield><controlfield tag="005">20161230201039</controlfield><controlfield tag="008">060222s1000------------r-----000-0-eng-d</controlfield><datafield ind1=" " ind2=" " tag="080"><subfield code="a">62(038)=002=02=30:801.323.2=20=30</subfield></datafield><datafield ind1=" " ind2=" " tag="100"><subfield code="a">Mohrberg, W</subfield></datafield><datafield ind1=" " ind2=" " tag="245"><subfield code="a">Technisches worterbuch zellstoff und papier. teil ii: deutsch-english</subfield></datafield><datafield ind1=" " ind2=" " tag="260"><subfield code="a">Darmstadt, Roether, 1956</subfield></datafield><datafield ind1=" " ind2=" " tag="852"><subfield code="a">D.107</subfield></datafield></record></collection>